@article{smolyansky2000characterization,
  title={Characterization of differential interconnects from time domain reflectometry measurements},
  author={Smolyansky, Dima A and Corey, Steven D},
  journal={Microwave Journal},
  volume={43},
  number={3},
  pages={68--68},
  year={2000},
  publisher={Horizon House Publications, Inc.}
}

@article{ponchak2005excitation,
  title={Excitation of coupled slotline mode in finite-ground CPW with unequal ground-plane widths},
  author={Ponchak, George E and Papapolymerou, John and Tentzeris, Manos M},
  journal={IEEE transactions on microwave theory and techniques},
  volume={53},
  number={2},
  pages={713--717},
  year={2005},
  publisher={IEEE}
}